@inproceedings{zoss2005mechanical,
  title={On the mechanical design of the Berkeley lower extremity exoskeleton (BLEEX)},
  author={Zoss, A. and Kazerooni, H. and Chu, A.},
  booktitle={ 2005 IEEE/RSJ International Conference on Intelligent Robots and Systems, 2005.(IROS 2005).},
  pages={3465--3472},
  year={2005},
  organization={Ieee}
}

@ARTICLE{SGadi:Schenectady61,
  AUTHOR =       {Frank Cormier},
  TITLE =        {To Make 'Human Tanks' for Future Soldiers-Pentagon Seeks 'Superman' Suit},
  JOURNAL =      {Schenectady Gazette},
  YEAR =         {1961},
  month =        {17th February},
  source =       {http://news.google.com/newspapers?id=jGQtAAAAIBAJ&sjid=lYkFAAAAIBAJ&pg=2547,2362974&dq=mechanical-suit&hl=en},
}

@INBOOK{SGadi:Popular_Science65,
  AUTHOR =       {Wallace Cloud},
  TITLE =        {Popular Science},
  CHAPTER =      {Man amplifiers},
  pages =        {70-73},
  PUBLISHER =    {Bonnier Corporation},
  YEAR =         {1965},
  volume =       {187},
  number =       {5},
  month =        {November}
}

@TECHREPORT{SGadi:HARDIMAN69,
  AUTHOR =       {Specialty Materials Handling Products Operation},
  TITLE =        {HARDIMAN 1 Prototype Project},
  INSTITUTION =  {General Electric Company},
  YEAR =         {1969},
  address =      {Schenectady, New York 12305},
  month =        {December},
}

@ARTICLE{SGadi:Kazerooni88,
  AUTHOR =       {H. Kazerooni},
  TITLE =        {Human Machine Interaction via the Transfer of Power and Information Signals},
  JOURNAL =      {ASME Winter Annual Meeting},
  YEAR =         {1988},
  month =        {DECEMBER},
}

@MISC{SGadi:DARPA00,
  author =       {Office of Defense},
  title =        {Contract : DEFENSE ADVANCED RESEARCH PROJECTS AGENCY},
  howpublished = {U.S. Department of Defense},
  year =         {2000},
  month =        {December},
  source =       {http://www.defense.gov/Contracts/Contract.aspx?ContractID=1913}
}

@MISC{SGadi:DARPA01,
  author =       {Office of Defense},
  title =        {Contract : DEFENSE ADVANCED RESEARCH PROJECTS AGENCY},
  howpublished = {U.S. Department of Defense},
  year =         {2001},
  month =        {February},
  source =       {http://www.defense.gov/Contracts/Contract.aspx?ContractID=1952}
}

@MISC{SGadi:Technology06,
  author =       {Paul Marks},
  title =        {Exoskeleton update},
  howpublished = {NewScientist Blogs},
  year =         {2006},
  month =        {October},
  source =       {http://www.newscientist.com/blog/technology/2006/10/exoskeleton-update.html}
}

@MISC{SGadi:NDIA04,
  author =       {Joe Pappalardo},
  title =        {Robotic 'Exoskeletons' Could Help Soldiers Bear Heavier Loads},
  howpublished = {Technology Review published by MIT},
  year =         {2004},
  month =        {August},
  source =       {http://www.nationaldefensemagazine.org/archive/2004/August/Pages/Robotic3473.aspx}
}

@MISC{SGadi:TechnologyReview04,
  author =       {Gregory T. Huang},
  title =        {Wearable Robots},
  howpublished = {Technology Review published by MIT},
  year =         {2004},
  month =        {July},
  source =       {http://www.technologyreview.com/computing/13658/}
}

@PROCEEDINGS{SGadi:Kazerooni04,
  TITLE =        {The Berkeley Lower Extremity Exoskeleton Project},
  YEAR =         {2004},
  publisher =    {International Symposium on Experimental Robotics},
  organization = {IESR},
  address =      {Marina Mandarin Singapore},
  month =        {June},
  isbn =         {981-05-1467-0},
}


@ARTICLE{SGadi:Guizzo07,
author={Guizzo, E. and Evan Ackerman},
journal={IEEE Spectrum}, title={MIT robotic exoskeleton struts out of the lab, carries grad student with it},
year={2007},
month={September},
source = {http://spectrum.ieee.org/automaton/robotics/robotics-software/mit_robotic_exoskeleton_struts}
}

@inproceedings{walsh2006development,
  title={Development of a lightweight, underactuated exoskeleton for load-carrying augmentation},
  author={Walsh, C.J. and Paluska, D. and Pasch, K. and Grand, W. and Valiente, A. and Herr, H.},
  booktitle={ ICRA 2006. Proceedings 2006 IEEE International Conference on Robotics and Automation, 2006.},
  pages={3485--3491},
  year={2006},
  organization={IEEE}
}

@MISC{SGadi:Sarah04,
  author =       {Sarah Yang},
  title =        {UC Berkeley researchers developing robotic exoskeleton that can enhance human strength and endurance},
  howpublished = {UC Berkeley News},
  year =         {2004},
  month =        {March},
  source =       {http://www.berkeley.edu/news/media/releases/2004/03/03_exo.shtml}
}

@MISC{SGadi:Stan07,
  author =       {Stan Megraw},
  title =        {Sarcos Exoskeleton},
  howpublished = {TechBuzz of curiocity.ca},
  year =         {2007},
  month =        {December},
  source =       {http://www.curiocity.ca/everyday-science/techbuzz/item/474-sarcos-exoskeleton.html?tmpl=component&print=1}
}

@inproceedings{lee2002power,
  title={Power assist control for leg with HAL-3 based on virtual torque and impedance adjustment},
  author={Lee, S. and Sankai, Y.},
  booktitle={ 2002 IEEE International Conference on Systems, Man and Cybernetics},
  volume={4},
  pages={6--pp},
  year={2002},
  organization={IEEE}
}

@article{guizzo2005rise,
  title={The rise of the body bots [robotic exoskeletons]},
  author={Guizzo, E. and Goldstein, H.},
  journal={Spectrum, IEEE},
  volume={42},
  number={10},
  pages={50--56},
  year={2005},
  publisher={IEEE}
}

@MISC{SGadi:CYBERDYNE11,
  author =       {CYBERDYNE Inc.},
  title =        {Robot Suit HAL},
  howpublished = {Official Website : cyberdyne.jp},
  year =         {2011},
  source =       {http://www.cyberdyne.jp/english/robotsuithal/index.html}
}

@article{yamamoto2002development,
  title={Development of power assisting suit for assisting nurse labor},
  author={Yamamoto, K. and Hyodo, K. and Ishii, M. and Matsuo, T.},
  journal={JSME International Journal Series C},
  volume={45},
  number={3},
  pages={703--711},
  year={2002},
  publisher={J-STAGE}
}

@book{bear2007neuroscience,
  title={Neuroscience: Exploring the Brain},
  author={Bear, M.F. and Connors, B.W. and Paradiso, M.A.},
  number={p. 2},
  isbn={9780781760034},
  lccn={2005034900},
  url={http://books.google.es/books?id=DbahEn-y6AoC},
  year={2007},
  publisher={Lippincott Williams \& Wilkins}
}

@book{nieuwenhuys2007human,
  title={The Human Central Nervous System},
  author={Nieuwenhuys, R. and Voogd, J. and Voogd, J. and Van Huijzen, C. and van Huijzen, C.},
  isbn={9783540346845},
  lccn={2007926177},
  url={http://books.google.com.mx/books?id=vAiFe7gZLhoC},
  year={2007},
  publisher={Springer}
}

@book{british2006bma,
  title={BMA A-Z Family Medical Encyclopedia},
  author={British Medical Association},
  isbn={9781405302647},
  url={http://books.google.com.mx/books?id=gRA0sZnYmwUC},
  year={2006},
  publisher={Dorling Kindersley}
}

@ONLINE{SGadi:medterms:online,
author = {Medterms},
title = {Definition of Cerebral cortex},
month = February,
year = {2012},
url = {http://www.medterms.com/script/main/art.asp?articlekey=11490}
}

@ONLINE{SGadi:princeton:online,
author = {Princeton},
title = {Proprioception},
month = February,
year = {2012},
url = {http://wordnetweb.princeton.edu/perl/webwn?s=proprioception}
}

@book{babbush2008mosby,
  title={Mosby's dental dictionary},
  author={Babbush, C.A.},
  isbn={9780323049634},
  lccn={2007933380},
  url={http://books.google.com.mx/books?id=jtBsAAAAMAAJ},
  year={2008},
  publisher={Mosby},
  url = {http://medical-dictionary.thefreedictionary.com/Sensory+feedback}
}

@ONLINE{SGadi:saburchill:online,
author = {Saburchill},
title = {How Muscles Work},
month = February,
year = {2012},
url = {http://www.saburchill.com/chapters/chap0009.html}
}

@book{cram2010cram,
  title={Cram's Introduction to Surface Electromyography},
  author={Cram, J.R. and Criswell, E.},
  isbn={9780763732745},
  lccn={2009042383},
  url={http://books.google.com.mx/books?id=RgfX5jXrmzMC},
  year={2010},
  publisher={Jones and Bartlett}
}

@inproceedings{merton1953speculations,
  title={Speculations on the Servo-Control of Movement},
  author={Merton, PA},
  booktitle={Ciba Foundation Symposium-The Spinal Cord},
  pages={247--260},
  year={1953},
  organization={Wiley Online Library}
}

@article{mcintyre1993servo,
  title={Servo hypotheses for the biological control of movement},
  author={McIntyre, J. and Bizzi, E.},
  journal={Journal of Motor Behavior},
  volume={25},
  number={3},
  pages={193--202},
  year={1993},
  publisher={Taylor \& Francis}
}

@inproceedings{randall1990trajectories,
  title={Trajectories of human multi-joint arm movements: evidence of joint level planning},
  author={Randall Flanagan, J. and Ostry, D.},
  booktitle={Experimental Robotics I},
  pages={594--613},
  year={1990},
  organization={Springer}
}

@article{schweighofer1998role_a,
  title={Role of the cerebellum in reaching movements in humans. I. Distributed inverse dynamics control},
  author={Schweighofer, N. and Arbib, M.A. and Kawato, M.},
  journal={European Journal of Neuroscience},
  volume={10},
  number={1},
  pages={86--94},
  year={1998},
  publisher={Wiley Online Library}
}

@article{schweighofer1998role_b,
  title={Role of the cerebellum in reaching movements in humans. II. A neural model of the intermediate cerebellum},
  author={Schweighofer, N. and Spoelstra, J. and Arbib, M.A. and Kawato, M.},
  journal={European Journal of Neuroscience},
  volume={10},
  number={1},
  pages={95--105},
  year={1998},
  publisher={Wiley Online Library}
}

@inproceedings{oshima2000robotic,
  title={Robotic analyses of output force distribution developed by human limbs},
  author={Oshima, T. and Fujikawa, T. and Kameyama, O. and Kumamoto, M.},
  booktitle={Robot and Human Interactive Communication, 2000. RO-MAN 2000. Proceedings. 9th IEEE International Workshop on},
  pages={229--234},
  year={2000},
  organization={IEEE}
}

@article{caminiti1990making,
  title={Making arm movements within different parts of space: dynamic aspects in the primate motor cortex},
  author={Caminiti, R. and Johnson, PB and Urbano, A.},
  journal={The Journal of Neuroscience},
  volume={10},
  number={7},
  pages={2039--2058},
  year={1990},
  publisher={Soc Neuroscience}
}

@article{caminiti1990shift,
  title={Shift of preferred directions of premotor cortical cells with arm movements performed across the workspace},
  author={Caminiti, R. and Johnson, PB and Burnod, Y. and Galli, C. and Ferraina, S.},
  journal={Experimental brain research},
  volume={83},
  number={1},
  pages={228--232},
  year={1990},
  publisher={Springer}
}

@article{caminiti1991making,
  title={Making arm movements within different parts of space: the premotor and motor cortical representation of a coordinate system for reaching to visual targets},
  author={Caminiti, R. and Johnson, PB and Galli, C. and Ferraina, S. and Burnod, Y.},
  journal={The Journal of neuroscience},
  volume={11},
  number={5},
  pages={1182--1197},
  year={1991},
  publisher={Society for Neuroscience}
}

@article{shaikh2004multiple,
  title={Multiple reference frames for motion in the primate cerebellum},
  author={Shaikh, A.G. and Meng, H. and Angelaki, D.E.},
  journal={The Journal of neuroscience},
  volume={24},
  number={19},
  pages={4491--4497},
  year={2004},
  publisher={Society for Neuroscience}
}

@book{brodmann2006brodmann,
  title={Brodmann's Localisation in the cerebral cortex: the principles of comparative localisation in the cerebral cortex based on the cytoarchitectonics},
  author={Brodmann, K. and Garey, L.},
  year={2006},
  publisher={Springer Verlag}
}

@article{bastian1996cerebellar,
  title={Cerebellar ataxia: abnormal control of interaction torques across multiple joints},
  author={Bastian, AJ and Martin, TA and Keating, JG and Thach, WT},
  journal={Journal of Neurophysiology},
  volume={76},
  number={1},
  pages={492--509},
  year={1996},
  publisher={Am Physiological Soc}
}

@article{latash1991reconstruction,
  title={Reconstruction of shifting elbow joint compliant characteristics during fast and slow movements},
  author={Latash, ML and Gottlieb, GL},
  journal={Neuroscience},
  volume={43},
  number={2-3},
  pages={697--712},
  year={1991},
  publisher={Elsevier}
}

@article{hogan1984organizing,
  title={An organizing principle for a class of voluntary movements},
  author={Hogan, N.},
  journal={The Journal of Neuroscience},
  volume={4},
  number={11},
  pages={2745--2754},
  year={1984},
  publisher={Soc Neuroscience}
}

@article{dufresne1978electromyographic,
  title={Electromyographic response to pseudo-random torque disturbances of human forearm position},
  author={Dufresne, JR and Soechting, JF and Terzuolo, CA},
  journal={Neuroscience},
  volume={3},
  number={12},
  pages={1213--1226},
  year={1978},
  publisher={Elsevier}
}

@article{dufresne1979reflex,
  title={Reflex motor output to torque pulses in man: identification of short-and long-latency loops with individual feedback parameters},
  author={Dufresne, JR and Soechting, JF and Terzuolo, CA},
  journal={Neuroscience},
  volume={4},
  number={10},
  pages={1493--1500},
  year={1979},
  publisher={Elsevier}
}

@article{feldman1986once,
  title={Once more on the equilibrium-point hypothesis (lambda model) for motor control.},
  author={Feldman, A.G. and others},
  journal={Journal of motor behavior},
  volume={18},
  number={1},
  pages={17},
  year={1986}
}

@article{houk1981neural,
  title={Neural control of muscle length and tension},
  author={Houk, J.C. and Rymer, W.Z.},
  journal={Comprehensive Physiology},
  year={1981},
  publisher={Wiley Online Library}
}

@INPROCEEDINGS{gadi2012stability,
  author={Gadi, S. K. and Lozano, R. and Garrido, R. and Osorio, A.},
  booktitle={9th International Conference on Electrical Engineering, Computing Science and Automatic Control (CCE), 2012},
  title={Stability analysis and experiments for a force augmenting device},
  year={2012},
  month={sept.},
  volume={},
  number={},
  pages={1--6},
  keywords={Exoskeleton;force augmenting device;load handling;},
  doi={10.1109/ICEEE.2012.6421189},
  ISSN={},
}

@article{pataky2005viscoelastic,
  title={Viscoelastic response of the finger pad to incremental tangential displacements},
  author={Pataky, T.C. and Latash, M.L. and Zatsiorsky, V.M.},
  journal={Journal of biomechanics},
  volume={38},
  number={7},
  pages={1441--1449},
  year={2005},
  publisher={Elsevier}
}

@inproceedings{rekasius1980stability,
  title={A stability test for systems with delays},
  author={Rekasius, ZV},
  booktitle={Proceedings of the Joint Automatic Control Conference, San Francisco, CA, paper TP9-A},
  year={1980}
}

@inproceedings{olgac2003direct,
  title={The direct method for stability analysis of time delayed {LTI} systems},
  author={Olgac, N. and Sipahi, R.},
  booktitle={American Control Conference, 2003. Proceedings of the 2003},
  volume={1},
  pages={869--874},
  year={2003},
  organization={IEEE}
}

@inproceedings{kim2009development,
  title={Development of the heavy load transferring task oriented exoskeleton adapted by lower extremity using qausi-Active joints},
  author={Kim, W. and Lee, S. and Lee, H. and Yu, S. and Han, J. and Han, C.},
  booktitle={ICCAS-SICE, 2009},
  pages={1353--1358},
  year={2009},
  organization={IEEE}
}

@inproceedings{snyder1996novel,
  title={A novel material handling system},
  author={Snyder, T.J. and Kazerooni, H.},
  booktitle={1996 IEEE International Conference on Robotics and Automation, 1996. Proceedings.},
  volume={2},
  pages={1147--1152},
  year={1996},
  organization={IEEE}
}

@article{kazerooni1990human,
  title={Human-robot interaction via the transfer of power and information signals},
  author={Kazerooni, Homayoon},
  journal={IEEE Transactions on Systems, Man and Cybernetics},
  volume={20},
  number={2},
  pages={450--463},
  year={1990},
  publisher={IEEE}
}

@article{kong2009control,
  title={Control of exoskeletons inspired by fictitious gain in human model},
  author={Kong, Kyoungchul and Tomizuka, Masayoshi},
  journal={IEEE/ASME Transactions on Mechatronics},
  volume={14},
  number={6},
  pages={689--698},
  year={2009},
  publisher={IEEE}
}

@inproceedings{kazerooni2006berkeley,
  title={{The Berkeley lower extremity exoskeleton}},
  author={Kazerooni, H},
  booktitle={Field and Service Robotics},
  pages={9--15},
  year={2006},
  organization={Springer}
}

@book{michiels2008stability,
  title={Stability and Stabilization of Time-Delay Systems: An Eigenvalue-Based Approach},
  author={Michiels, W. and Niculescu, S.I.},
  isbn={9780898716320},
  lccn={07061746},
  series={Advances in Design and Control},
  url={http://books.google.com.mx/books?id=O7F0Vu7xeXcC},
  year={2008},
  publisher={Society for Industrial and Applied Mathematics}
}

@article{neimark1949d,
  title={D-subdivisions and spaces of quasipolynomials},
  author={Neimark, Ju},
  journal={Prikladnaya Matematika i Mekhanika},
  volume={13},
  pages={349--380},
  year={1949}
}



@inproceedings{kazerooni2005control,
  title={On the control of the berkeley lower extremity exoskeleton (BLEEX)},
  author={Kazerooni, H. and Racine, J.L. and Huang, L. and Steger, R.},
  booktitle={Proceedings of the 2005 IEEE International Conference on Robotics and Automation, 2005. ICRA 2005.},
  pages={4353--4360},
  year={2005},
  organization={IEEE}
}



@article{gadi2016stability,
  title={Stability Analysis of a Human Arm Interacting with a Force Augmenting Device},
  author={Gadi, Suresh K and Osorio-Cordero, Antonio and Lozano-Leal, Rogelio and Garrido, Ruben A},
  journal={Journal of Intelligent \& Robotic Systems},
  pages={1--10},
  year={2016},
  publisher={Springer}
}