@article{ang2005pid,
  title={PID control system analysis, design, and technology},
  author={Ang, Kiam Heong and Chong, Gregory and Li, Yun},
  journal={IEEE transactions on control systems technology},
  volume={13},
  number={4},
  pages={559--576},
  year={2005},
  publisher={IEEE}
}

@INPROCEEDINGS{o2003pid, 
  title={PID compensation of time delayed processes 1998-2002: a survey},
  author={O'Dwyer, Aidan},
  booktitle={Proceedings of the American Control Conference}, 
  year={2003},
  publisher={Dublin Institute of Technology},
  pages={1494-1499}, 
}

@article{lee2000pid,
  title={PID controller tuning for integrating and unstable processes with time delay},
  author={Lee, Yongho and Lee, Jeongseok and Park, Sunwon},
  journal={Chemical Engineering Science},
  volume={55},
  number={17},
  pages={3481--3493},
  year={2000},
  publisher={Elsevier}
}

@online {mathworks2017,
  author = "Mathworks",
  title  = "Take Derivatives of a Signal",
  month  = "jul",
  year   = "2017",
  URL    = "http://www.mathworks.com/help/signal/ug/take-derivatives-of-a-signal.html"
}

@article{kim2008auto,
  title={Auto tuning PID controller based on improved genetic algorithm for reverse osmosis plant},
  author={Kim, Jin-Sung and Kim, Jin-Hwan and Park, Ji-Mo and Park, Sung-Man and Choe, Won-Yong and Heo, Hoon},
  journal={World Academy of Science, Engineering and Technology},
  volume={47},
  number={2},
  pages={384--389},
  year={2008}
}

@article{ZEMMIT2017,
    title = "{A new improved DTC of doubly fed induction machine using GA-based PI controller}",
    journal = "Ain Shams Engineering Journal",
    volume = "",
    number = "",
    pages = "",
    year = "2017",
    note = "",
    issn = "2090-4479",
    doi = "http://dx.doi.org/10.1016/j.asej.2016.10.011",
    url = "http://www.sciencedirect.com/science/article/pii/S2090447917300205",
    author = "Abderrahim Zemmit and Sabir Messalti and Abdelghani Harrag",
    keywords = "Double Feed Induction Machine",
    keywords = "Genetic algorithm",
    keywords = "PI controller",
    keywords = "Direct Torque Control",
    keywords = "Reducing of torque and flux ripples"
}
@ARTICLE{1300705, 
    author={Zwe-Lee Gaing}, 
    journal={IEEE Transactions on Energy Conversion}, 
    title={A particle swarm optimization approach for optimum design of PID controller in AVR system}, 
    year={2004}, 
    volume={19}, 
    number={2}, 
    pages={384-391}, 
    keywords={optimisation;three-term control;voltage regulators;AVR system;PID controller parameter;genetic algorithm;particle swarm optimisation algorithm;Computational efficiency;Control systems;Design methodology;Genetic algorithms;Optimal control;Particle swarm optimization;Pi control;Proportional control;Three-term control;Time domain analysis;AVR system;PID controller;optimal control;particle swarm optimization}, 
    doi={10.1109/TEC.2003.821821}, 
    ISSN={0885-8969}, 
    month={June}
}

@book{gen2000genetic,
  title={Genetic algorithms and engineering optimization},
  author={Gen, Mitsuo and Cheng, Runwei},
  volume={7},
  year={2000},
  publisher={John Wiley \& Sons}
}
